@article{DBLP:journals/ncs/X21i,
  title        = {Moving towards reproducible machine learning},
  journal      = {Nat. Comput. Sci.},
  volume       = {1},
  number       = {10},
  pages        = {629--630},
  year         = {2021},
  url          = {https://doi.org/10.1038/s43588-021-00152-6},
  doi          = {10.1038/S43588-021-00152-6},
  timestamp    = {Tue, 09 Apr 2024 11:55:20 +0200},
  biburl       = {https://dblp.org/rec/journals/ncs/X21i.bib},
  bibsource    = {dblp computer science bibliography, https://dblp.org}
}

@inproceedings{DBLP:conf/qrs/Rivera-LandosKN21,
  author       = {Emilio Rivera{-}Landos and
                  Foutse Khomh and
                  Amin Nikanjam},
  title        = {The Challenge of Reproducible {ML:} An Empirical Study on The Impact
                  of Bugs},
  booktitle    = {21st {IEEE} International Conference on Software Quality, Reliability
                  and Security, {QRS} 2021, Hainan, China, December 6-10, 2021},
  pages        = {1079--1088},
  publisher    = {{IEEE}},
  year         = {2021},
  url          = {https://doi.org/10.1109/QRS54544.2021.00116},
  doi          = {10.1109/QRS54544.2021.00116},
  timestamp    = {Tue, 07 May 2024 20:05:44 +0200},
  biburl       = {https://dblp.org/rec/conf/qrs/Rivera-LandosKN21.bib},
  bibsource    = {dblp computer science bibliography, https://dblp.org}
}